
@inproceedings{ingols2006practical,
  title={Practical attack graph generation for network defense},
  author={Ingols, Kyle and Lippmann, Richard and Piwowarski, Keith},
  booktitle={Computer Security Applications Conference, 2006. ACSAC'06. 22nd Annual},
  pages={121--130},
  year={2006},
  organization={IEEE}
}

@inproceedings{ou2006scalable,
  title={A scalable approach to attack graph generation},
  author={Ou, Xinming and Boyer, Wayne F and McQueen, Miles A},
  booktitle={Proceedings of the 13th ACM conference on Computer and communications security},
  pages={336--345},
  year={2006},
  organization={ACM}
}

@inproceedings{ritchey2000using,
  title={Using model checking to analyze network vulnerabilities},
  author={Ritchey, Ronald W and Ammann, Paul},
  booktitle={Security and Privacy, 2000. S\&P 2000. Proceedings. 2000 IEEE Symposium on},
  pages={156--165},
  year={2000},
  organization={IEEE}
}

@report{bottomely,
	author = {Bottomley, James},
	title = {What is All the Container Hype? },
	type = {Mini White Paper},
	institution = {Linux Foundation},
	date = {April 2014},
}


@inproceedings{ammann2002scalable,
  title={Scalable, graph-based network vulnerability analysis},
  author={Ammann, Paul and Wijesekera, Duminda and Kaushik, Saket},
  booktitle={Proceedings of the 9th ACM Conference on Computer and Communications Security},
  pages={217--224},
  year={2002},
  organization={ACM}
}

@phdthesis{artz2002netspa,
  title={Netspa: A network security planning architecture},
  author={Artz, Michael Lyle},
  year={2002},
  school={Massachusetts Institute of Technology}
}

@inproceedings{sheyner2002automated,
  title={Automated generation and analysis of attack graphs},
  author={Sheyner, Oleg and Haines, Joshua and Jha, Somesh and Lippmann, Richard and Wing, Jeannette M},
  booktitle={null},
  pages={273},
  year={2002},
  organization={IEEE}
}

@inproceedings{aksu2018automated,
  title={Automated Generation Of Attack Graphs Using NVD},
  author={Aksu, M Ugur and Bicakci, Kemal and Dilek, M Hadi and Ozbayoglu, A Murat and others},
  booktitle={Proceedings of the Eighth ACM Conference on Data and Application Security and Privacy},
  pages={135--142},
  year={2018},
  organization={ACM}
}

@article{merkel2014docker,
  title={Docker: lightweight linux containers for consistent development and deployment},
  author={Merkel, Dirk},
  journal={Linux Journal},
  volume={2014},
  number={239},
  pages={2},
  year={2014},
  publisher={Belltown Media}
}

@techreport{booth2013national,
  title={The National Vulnerability Database (NVD): Overview},
  author={Booth, Harold and Rike, Doug and Witte, Gregory A},
  year={2013}
}

@inproceedings{ahmadvand2016requirements,
  title={Requirements reconciliation for scalable and secure microservice (de) composition},
  author={Ahmadvand, Mohsen and Ibrahim, Amjad},
  booktitle={Requirements Engineering Conference Workshops (REW), IEEE International},
  pages={68--73},
  year={2016},
  organization={IEEE}
}

@inproceedings{papazoglou2003service,
  title={Service-oriented computing: Concepts, characteristics and directions},
  author={Papazoglou, Mike P},
  booktitle={Web Information Systems Engineering, 2003. WISE 2003. Proceedings of the Fourth International Conference on},
  pages={3--12},
  year={2003},
  organization={IEEE}
}

@incollection{dragoni2017microservices,
  title={Microservices: yesterday, today, and tomorrow},
  author={Dragoni, Nicola and Giallorenzo, Saverio and Lafuente, Alberto Lluch and Mazzara, Manuel and Montesi, Fabrizio and Mustafin, Ruslan and Safina, Larisa},
  booktitle={Present and Ulterior Software Engineering},
  pages={195--216},
  year={2017},
  publisher={Springer}
}

@book{newman2015building,
  title={Building microservices: designing fine-grained systems},
  author={Newman, Sam},
  year={2015},
  publisher={" O'Reilly Media, Inc."}
}

@article{combe2016docker,
  title={To Docker or not to Docker: A security perspective},
  author={Combe, Theo and Martin, Antony and Di Pietro, Roberto},
  journal={IEEE Cloud Computing},
  volume={3},
  number={5},
  pages={54--62},
  year={2016},
  publisher={IEEE}
}

@misc{clair,
  title = {CoreOS Clair},
  howpublished = {\url{https://github.com/coreos/clair}},
  year = {2018},
  note = {Retrieved September 4 2018},
}

@misc{springcloudnetflix,
  title = {Spring Cloud Netflix},
  howpublished = {\url{https://cloud.spring.io/spring-cloud-netflix/}},
  year = {2018},
  note = {Retrieved September 4 2018},
}

@misc{netflixzuul,
  title = {Netflix Zuul},
  howpublished = {\url{https://github.com/Netflix/zuul}},
  year = {2018},
  note = {Retrieved September 4 2018},
}

@misc{netflixeureka,
  title = {Netflix Eureka},
  howpublished = {\url{https://github.com/Netflix/eureka}},
  year = {2018},
  note = {Retrieved September 4 2018},
}

@misc{clairctl,
  title = {Clairctl},
  howpublished = {\url{https://github.com/jgsqware/clairctl}},
  year = {2018},
  note = {Retrieved September 4 2018},
}

@misc{samba,
  title = {SambaCry RCE exploit for Samba 4.5.9},
  howpublished = {\url{https://github.com/opsxcq/exploit-CVE-2017-7494}},
  year = {2018},
  note = {Retrieved September 4 2018},
}

@misc{phpmailer,
  title = {PHPMailer < 5.2.18 Remote Code Execution},
  howpublished = {\url{https://github.com/opsxcq/exploit-CVE-2016-10033}},
  year = {2018},
  note = {Retrieved September 4 2018},
}

@misc{netflixoss,
  title = {Spring Cloud - Netflix OSS Example},
  howpublished = {\url{https://github.com/Oreste-Luci/netflix-oss-example}},
  year = {2018},
  note = {Retrieved September 4 2018},
}

@misc{atsea,
  title = {AtSea Shop Demonstration Application},
  howpublished = {\url{https://github.com/dockersamples/atsea-sample-shop-app}},
  year = {2018},
  note = {Retrieved September 4 2018},
}

@misc{java,
  title = {Java EE application migration},
  howpublished = {\url{https://github.com/dockersamples/javaee-demo}},
  year = {2018},
  note = {Retrieved September 4 2018},
}

@misc{dockercompose,
  title = {Docker Compose},
  howpublished = {\url{https://docs.docker.com/compose/}},
  year = {2018},
  note = {Retrieved September 4 2018},
}

@misc{deraison1999nessus,
  title={Nessus scanner},
  author={Deraison, Renaud},
  year={1999}
}

@misc{webcam,
  title = {Privileged Docker Containers},
  howpublished = {\url{http://obrown.io/2016/02/15/privileged-containers.html}},
  year = {2018},
  note = {Retrieved September 4 2018},
}

@misc{libvirt,
  title = {Introducing a *Super* Privileged Container Concept},
  howpublished = {\url{https://developers.redhat.com/blog/2014/11/06/introducing-a-super-privileged-container-concept/}},
  year = {2018},
  note = {Retrieved September 4 2018},
}



@article{microservicesfrowler,
	title={Microservices resource guide},
	author={Fowler, Martin},
	journal={Martinfowler. com. Web},
	volume={1},
	year={2015}
}
@inproceedings{pahl2016microservices,
  title={Microservices: A Systematic Mapping Study.},
  author={Pahl, Claus and Jamshidi, Pooyan},
  booktitle={CLOSER (1)},
  pages={137--146},
  year={2016}
}

@article{farmer1990cops,
  title={The COPS security checker system},
  author={Farmer, Daniel and Spafford, Eugene H},
  year={1990}
}

@inproceedings{shu2017study,
  title={A study of security vulnerabilities on docker hub},
  author={Shu, Rui and Gu, Xiaohui and Enck, William},
  booktitle={Proceedings of the Seventh ACM on Conference on Data and Application Security and Privacy},
  pages={269--280},
  year={2017},
  organization={ACM}
}

@incollection{gummaraju2015over,
	title={Over 30\% of official images in docker hub contain high priority security vulnerabilities},
	author={Gummaraju, Jayanth and Desikan, Tarun and Turner, Yoshio},
	booktitle={Technical Report},
	year={2015},
	publisher={BanyanOps}
}

@article{kordy2014dag,
	title={DAG-based attack and defense modeling: Donâ€™t miss the forest for the attack trees},
	author={Kordy, Barbara and Pi{\`e}tre-Cambac{\'e}d{\`e}s, Ludovic and Schweitzer, Patrick},
	journal={Computer science review},
	volume={13},
	pages={1--38},
	year={2014},
	publisher={Elsevier}
}
@inproceedings{jha2002two,
	title={Two formal analyses of attack graphs},
	author={Jha, Somesh and Sheyner, Oleg and Wing, Jeannette},
	booktitle={Computer Security Foundations Workshop, 2002. Proceedings. 15th IEEE},
	pages={49--63},
	year={2002},
	organization={IEEE}
}

@inproceedings{mauw2005foundations,
	title={Foundations of attack trees},
	author={Mauw, Sjouke and Oostdijk, Martijn},
	booktitle={International Conference on Information Security and Cryptology},
	pages={186--198},
	year={2005},
	organization={Springer}
}

@inproceedings{sheyner2003tools,
	title={Tools for generating and analyzing attack graphs},
	author={Sheyner, Oleg and Wing, Jeannette},
	booktitle={International Symposium on Formal Methods for Components and Objects},
	pages={344--371},
	year={2003},
	organization={Springer}
}
@book{wolff2016microservices,
	title={Microservices: flexible software architecture},
	author={Wolff, Eberhard},
	year={2016},
	publisher={Addison-Wesley Professional}
}


@inproceedings{butzin2016microservices,
	title={Microservices approach for the internet of things},
	author={Butzin, Bj{\"o}rn and Golatowski, Frank and Timmermann, Dirk},
	booktitle={Emerging Technologies and Factory Automation (ETFA), 2016 IEEE 21st International Conference on},
	pages={1--6},
	year={2016},
	organization={IEEE}
}

@inproceedings{krylovskiy2015designing,
	title={Designing a smart city internet of things platform with microservice architecture},
	author={Krylovskiy, Alexandr and Jahn, Marco and Patti, Edoardo},
	booktitle={Future Internet of Things and Cloud (FiCloud), 2015 3rd International Conference on},
	pages={25--30},
	year={2015},
	organization={IEEE}
}

@article{fetzer2016building,
	title={Building critical applications using microservices},
	author={Fetzer, Christof},
	journal={IEEE Security \& Privacy},
	number={6},
	pages={86--89},
	year={2016},
	publisher={IEEE}
}

@article{cerny2018contextual,
	title={Contextual understanding of microservice architecture: current and future directions},
	author={Cerny, Tomas and Donahoo, Michael J and Trnka, Michal},
	journal={ACM SIGAPP Applied Computing Review},
	volume={17},
	number={4},
	pages={29--45},
	year={2018},
	publisher={ACM}
}

@article{kratzke2017microservices,
	title={About microservices, containers and their underestimated impact on network performance},
	author={Kratzke, Nane},
	journal={arXiv preprint arXiv:1710.04049},
	year={2017}
}
@inproceedings{jaramillo2016leveraging,
	title={Leveraging microservices architecture by using Docker technology},
	author={Jaramillo, David and Nguyen, Duy V and Smart, Robert},
	booktitle={SoutheastCon, 2016},
	pages={1--5},
	year={2016},
	organization={IEEE}
}

@article{bui2015analysis,
	title={Analysis of docker security},
	author={Bui, Thanh},
	journal={arXiv preprint arXiv:1501.02967},
	year={2015}
}